@misc{ 
    temp,
    author = "temp",
    title = "temp",
    year = "2020" 
}